@inproceedings{creutz02,
 author = {Creutz, Mathias and Lagus, Krista},
 title = {Unsupervised discovery of morphemes},
 booktitle = {Proceedings of the ACL-02 workshop on Morphological and phonological learning - Volume 6},
 series = {MPL '02},
 year = {2002},
 pages = {21--30},
 numpages = {10},
 url = {http://dx.doi.org/10.3115/1118647.1118650},
 doi = {http://dx.doi.org/10.3115/1118647.1118650},
 acmid = {1118650},
 publisher = {Association for Computational Linguistics},
 address = {Stroudsburg, PA, USA},
}