@phdthesis{monson09,
  author    = {Christian Monson},
  title     = {ParaMor: From Paradigm Structure to Natural Language Morphology Induction},
  school	= {Language Technologies Institute, School of Computer Science, Carnegie Mellon University},
  year      = {2009}
}