@INPROCEEDINGS{schone01,
    author = {Patrick Schone and Daniel Jurafsky},
    title = {Knowledge-free induction of inflectional morphologies},
    booktitle = {Proceedings of the North American chapter of the Association for Computational Linguistics},
    year = {2001},
    pages = {183--191},
    publisher = {}
}
