@INPROCEEDINGS{creutz05,
    author = {Mathias Creutz and Krista Lagus},
    title = {Inducing the Morphological Lexicon of a Natural Language from Unannotated Text},
    booktitle = {In Proceedings of the International and Interdisciplinary Conference on Adaptive Knowledge Representation and Reasoning (AKRRâ€™05)},
    year = {2005},
    pages = {106--113}
}