@article{creutz07,
 author = {Creutz, Mathias and Lagus, Krista},
 title = {Unsupervised models for morpheme segmentation and morphology learning},
 journal = {ACM Trans. Speech Lang. Process.},
 volume = {4},
 issue = {1},
 month = {February},
 year = {2007},
 issn = {1550-4875},
 pages = {3:1--3:34},
 articleno = {3},
 numpages = {34},
 url = {http://doi.acm.org/10.1145/1187415.1187418},
 doi = {http://doi.acm.org/10.1145/1187415.1187418},
 acmid = {1187418},
 publisher = {ACM},
 address = {New York, NY, USA},
 keywords = {Efficient storage, highly inflecting and compounding languages, language independent methods, maximum a posteriori (MAP) estimation, morpheme lexicon and segmentation, unsupervised learning},
}