@article{goldsmith01,
  author    = {John A. Goldsmith},
  title     = {Unsupervised Learning of the Morphology of a Natural Language},
  journal   = {Computational Linguistics},
  volume    = {27},
  number    = {2},
  year      = {2001},
  pages     = {153-198},
  bibsource = {DBLP, http://dblp.uni-trier.de}
}