@inproceedings{monson07b,
  author    = {Christian Monson and
               Jaime G. Carbonell and
               Alon Lavie and
               Lori S. Levin},
  title     = {ParaMor: Finding Paradigms across Morphology},
  booktitle = {Advances in Multilingual and Multimodal Information Retrieval, 8th
               Workshop of the Cross-Language Evaluation Forum, {CLEF} 2007, Budapest,
               Hungary, September 19-21, 2007, Revised Selected Papers},
  pages     = {900--907},
  year      = {2007},
  url       = {http://dx.doi.org/10.1007/978-3-540-85760-0_115},
  doi       = {10.1007/978-3-540-85760-0_115},
  timestamp = {Fri, 15 Aug 2014 09:47:27 +0200},
  biburl    = {http://dblp2.uni-trier.de/rec/bib/conf/clef/MonsonCLL07},
  bibsource = {dblp computer science bibliography, http://dblp.org}
}
