@inproceedings{monson07a,
    address = {Prague, Czech Republic},
    author = {Monson, Christian and Carbonell, Jaime and Lavie, Alon and Levin, Lori},
    booktitle = {Proceedings of Ninth Meeting of the ACL Special Interest Group in Computational Morphology and Phonology},
    citeulike-article-id = {2853679},
    citeulike-linkout-0 = {http://www.aclweb.org/anthology/W/W07/W07-1315},
    keywords = {morphology-project},
    month = jun,
    pages = {117--125},
    posted-at = {2008-05-31 22:16:22},
    priority = {2},
    publisher = {Association for Computational Linguistics},
    title = {{ParaMor: Minimally Supervised Induction of Paradigm Structure and Morphological Analysis}},
    url = {http://www.aclweb.org/anthology/W/W07/W07-1315},
    year = {2007}
}