@article{oflazer01,
  author    = {Kemal Oflazer and
               Sergei Nirenburg and
               Marjorie McShane},
  title     = {Bootstrapping Morphological Analyzers by Combining Human
               Elicitation and Machine Learning},
  journal   = {Computational Linguistics},
  volume    = {27},
  number    = {1},
  year      = {2001},
  pages     = {59-85},
  bibsource = {DBLP, http://dblp.uni-trier.de}
}