@article{tepper10,
 author = {Tepper, Michael and Xia, Fei},
 title = {Inducing Morphemes Using Light Knowledge},
 journal   = {ACM Trans. Asian Lang. Inf. Process.},
 issue_date = {March 2010},
 volume = {9},
 issue = {1},
 month = {March},
 year = {2010},
 issn = {1530-0226},
 pages = {3:1--3:38},
 articleno = {3},
 numpages = {38},
 url = {http://doi.acm.org/10.1145/1731035.1731038},
 doi = {http://doi.acm.org/10.1145/1731035.1731038},
 acmid = {1731038},
 publisher = {ACM},
 address = {New York, NY, USA},
 keywords = {Morphological induction, allomorphy, computational linguistics, machine learning},
}