@inproceedings{wicentowski04,
 author = {Wicentowski, Richard},
 title = {Multilingual noise-robust supervised morphological analysis using the WordFrame model},
 booktitle = {Proceedings of the 7th Meeting of the ACL Special Interest Group in Computational Phonology: Current Themes in Computational Phonology and Morphology},
 series = {SIGMorPhon '04},
 year = {2004},
 location = {Barcelona, Spain},
 pages = {70--77},
 numpages = {8},
 url = {http://portal.acm.org/citation.cfm?id=1622153.1622162},
 acmid = {1622162},
 publisher = {Association for Computational Linguistics},
 address = {Stroudsburg, PA, USA}
} 