@inproceedings{yarowsky00,
  author    = {David Yarowsky and
               Richard Wicentowski},
  title     = {Minimally Supervised Morphological Analysis by Multimodal
               Alignment},
  booktitle = {Proceedings of the 38th Meeting of the Association for Computational Linguistics},
  year      = {2000},
  pages     = {207--216},
  ee        = {http://www.aclweb.org/anthology/P00-1027},
  bibsource = {DBLP, http://dblp.uni-trier.de}
}
